@article{trivedi2008soft,
  title={Soft robotics: Biological inspiration, state of the art, and future research},
  author={Trivedi, Deepak and Rahn, Christopher D and Kier, William M and Walker, Ian D},
  journal={Applied bionics and biomechanics},
  volume={5},
  number={3},
  pages={99--117},
  year={2008},
  publisher={Hindawi}
}

@article{rus2015design,
  title={Design, fabrication and control of soft robots},
  author={Rus, Daniela and Tolley, Michael T},
  journal={Nature},
  volume={521},
  number={7553},
  pages={467},
  year={2015},
  publisher={Nature Publishing Group}
}

@article{shintake2018soft,
  title={Soft Robotic Grippers},
  author={Shintake, Jun and Cacucciolo, Vito and Floreano, Dario and Shea, Herbert},
  journal={Advanced Materials},
  pages={1707035},
  year={2018},
  publisher={Wiley Online Library}
}

@article{polygerinos2017soft,
  title={Soft robotics: Review of fluid-driven intrinsically soft devices; manufacturing, sensing, control, and applications in human-robot interaction},
  author={Polygerinos, Panagiotis and Correll, Nikolaus and Morin, Stephen A and Mosadegh, Bobak and Onal, Cagdas D and Petersen, Kirstin and Cianchetti, Matteo and Tolley, Michael T and Shepherd, Robert F},
  journal={Advanced Engineering Materials},
  volume={19},
  number={12},
  pages={1700016},
  year={2017},
  publisher={Wiley Online Library}
}

@article{brown2010universal,
  title={Universal robotic gripper based on the jamming of granular material},
  author={Brown, Eric and Rodenberg, Nicholas and Amend, John and Mozeika, Annan and Steltz, Erik and Zakin, Mitchell R and Lipson, Hod and Jaeger, Heinrich M},
  journal={Proceedings of the National Academy of Sciences},
  volume={107},
  number={44},
  pages={18809--18814},
  year={2010},
  publisher={National Acad Sciences}
}

@article{amend2012positive,
  title={A positive pressure universal gripper based on the jamming of granular material},
  author={Amend, John R and Brown, Eric and Rodenberg, Nicholas and Jaeger, Heinrich M and Lipson, Hod},
  journal={IEEE Transactions on Robotics},
  volume={28},
  number={2},
  pages={341--350},
  year={2012},
  publisher={IEEE}
}

@article{li2017fluid,
  title={Fluid-driven origami-inspired artificial muscles},
  author={Li, Shuguang and Vogt, Daniel M and Rus, Daniela and Wood, Robert J},
  journal={Proceedings of the National Academy of Sciences},
  pages={201713450},
  year={2017},
  publisher={National Acad Sciences}
}

@article{deimel2016novel,
  title={A novel type of compliant and underactuated robotic hand for dexterous grasping},
  author={Deimel, Raphael and Brock, Oliver},
  journal={The International Journal of Robotics Research},
  volume={35},
  number={1-3},
  pages={161--185},
  year={2016},
  publisher={SAGE Publications Sage UK: London, England}
}

@article{kapandji1986clinical,
  title={Clinical test of apposition and counter-apposition of the thumb},
  author={Kapandji, A},
  journal={Annales de chirurgie de la main: organe officiel des societes de chirurgie de la main},
  volume={5},
  number={1},
  pages={67--73},
  year={1986}
}

@article{odhner2014compliant,
  title={A compliant, underactuated hand for robust manipulation},
  author={Odhner, Lael U and Jentoft, Leif P and Claffee, Mark R and Corson, Nicholas and Tenzer, Yaroslav and Ma, Raymond R and Buehler, Martin and Kohout, Robert and Howe, Robert D and Dollar, Aaron M},
  journal={The International Journal of Robotics Research},
  volume={33},
  number={5},
  pages={736--752},
  year={2014},
  publisher={SAGE Publications Sage UK: London, England}
}

@article{galloway2016soft,
  title={Soft robotic grippers for biological sampling on deep reefs},
  author={Galloway, Kevin C and Becker, Kaitlyn P and Phillips, Brennan and Kirby, Jordan and Licht, Stephen and Tchernov, Dan and Wood, Robert J and Gruber, David F},
  journal={Soft robotics},
  volume={3},
  number={1},
  pages={23--33},
  year={2016},
  publisher={Mary Ann Liebert, Inc. 140 Huguenot Street, 3rd Floor New Rochelle, NY 10801 USA}
}

@article{calli2015benchmarking,
  title={Benchmarking in manipulation research: The YCB object and model set and benchmarking protocols},
  author={Calli, Berk and Walsman, Aaron and Singh, Arjun and Srinivasa, Siddhartha and Abbeel, Pieter and Dollar, Aaron M},
  journal={arXiv preprint arXiv:1502.03143},
  year={2015}
}

@article{levering2014soft,
  title={Soft Robotic Concepts in Catheter Design: an On-Demand Fouling-Release Urinary Catheter},
  author={Levering, Vrad and Wang, Qiming and Shivapooja, Phanindhar and Zhao, Xuanhe and L{\'o}pez, Gabriel P},
  journal={Advanced healthcare materials},
  volume={3},
  number={10},
  pages={1588--1596},
  year={2014},
  publisher={Wiley Online Library}
}

@article{park2014design,
  title={Design and control of a bio-inspired soft wearable robotic device for ankle--foot rehabilitation},
  author={Park, Yong-Lae and Chen, Bor-rong and P{\'e}rez-Arancibia, N{\'e}stor O and Young, Diana and Stirling, Leia and Wood, Robert J and Goldfield, Eugene C and Nagpal, Radhika},
  journal={Bioinspiration \& biomimetics},
  volume={9},
  number={1},
  pages={016007},
  year={2014},
  publisher={IOP Publishing}
}

@article{Galloway2016,
author = {Galloway, Kevin C. and Becker, Kaitlyn P. and Phillips, Brennan and Kirby, Jordan and Licht, Stephen and Tchernov, Dan and Wood, Robert J. and Gruber, David F.},
doi = {10.1089/soro.2015.0019},
file = {:C$\backslash$:/Users/koutr/Google Drive/Harvard Master Thesis/Papers/Soft Robotic Grippers for Biological.pdf:pdf},
isbn = {2169-5172},
issn = {2169-5172},
journal = {Soft Robotics},
mendeley-groups = {Harvard Master Thesis/2{\_}State of the art,Harvard Master Thesis/3{\_}Finger{\_}Hand Designs},
number = {1},
pages = {23--33},
pmid = {27625917},
title = {{Soft Robotic Grippers for Biological Sampling on Deep Reefs}},
url = {http://online.liebertpub.com/doi/10.1089/soro.2015.0019},
volume = {3},
year = {2016}
}

@article{Zhu,
author = {Zhu, Mingzhu},
file = {:C$\backslash$:/Users/koutr/Google Drive/Harvard Master Thesis/Papers/A 3d printed two degree of freedom robotic finger with variable stiffness.pdf:pdf},
journal = {2018 12th France-Japan and 10th Europe-Asia Congress on Mechatronics},
mendeley-groups = {Harvard Master Thesis,Harvard Master Thesis/Finger Designs},
pages = {387--391},
publisher = {IEEE},
title = {{A 3D printed Two DoF Soft Robotic Finger With Variable Stiffness}}
}

@article{kim2013novel,
  title={A novel layer jamming mechanism with tunable stiffness capability for minimally invasive surgery},
  author={Kim, Yong-Jae and Cheng, Shanbao and Kim, Sangbae and Iagnemma, Karl},
  journal={IEEE Transactions on Robotics},
  volume={29},
  number={4},
  pages={1031--1042},
  year={2013},
  publisher={IEEE}
}

@article{shan2015rigidity,
  title={Rigidity-tuning conductive elastomer},
  author={Shan, Wanliang and Diller, Stuart and Tutcuoglu, Abbas and Majidi, Carmel},
  journal={Smart Materials and Structures},
  volume={24},
  number={6},
  pages={065001},
  year={2015},
  publisher={IOP Publishing}
}

@inproceedings{firouzeh2015soft,
  title={Soft pneumatic actuator with adjustable stiffness layers for multi-dof actuation},
  author={Firouzeh, Amir and Salerno, Marco and Paik, Jamie},
  booktitle={Intelligent Robots and Systems (IROS), 2015 IEEE/RSJ International Conference on},
  pages={1117--1124},
  year={2015},
  organization={IEEE}
}

@article{Kurumaya2018,
author = {Kurumaya, Shunichi and Phillips, Brennan T and Becker, Kaitlyn P and Rosen, Michelle H and Gruber, David F and Galloway, Kevin C and Suzumori, Koichi and Wood, Robert J},
doi = {10.1089/soro.2017.0097},
file = {:C$\backslash$:/Users/koutr/Google Drive/Harvard Master Thesis/Papers/A Modular Soft Robotic Wrist for Underwater Manipulation.pdf:pdf},
keywords = {fiber-reinforced actuator,soft robotic arm,underwater manipulation},
mendeley-groups = {Harvard Master Thesis/2{\_}State of the art,Harvard Master Thesis/3{\_}Finger{\_}Hand Designs},
number = {00},
pages = {1--11},
title = {{A Modular Soft Robotic Wrist for Underwater Manipulation}},
volume = {00},
year = {2018}
}

@article{shintake2016versatile,
  title={Versatile soft grippers with intrinsic electroadhesion based on multifunctional polymer actuators},
  author={Shintake, Jun and Rosset, Samuel and Schubert, Bryan and Floreano, Dario and Shea, Herbert},
  journal={Advanced Materials},
  volume={28},
  number={2},
  pages={231--238},
  year={2016},
  publisher={Wiley Online Library}
}


